<?xml version="1.0" encoding="UTF-8"?>
<collection xmlns="http://www.loc.gov/MARC21/slim">
 <record>
  <leader>02439cam a2200481Ia 4500</leader>
  <controlfield tag="001">8354920</controlfield>
  <controlfield tag="005">20110727171600.0</controlfield>
  <controlfield tag="006">m        d        </controlfield>
  <controlfield tag="007">cr |||||||||||</controlfield>
  <controlfield tag="008">110328s1991    iluab   ob    000 0 eng d</controlfield>
  <datafield tag="020" ind1=" " ind2=" ">
   <subfield code="a">0918986710</subfield>
  </datafield>
  <datafield tag="020" ind1=" " ind2=" ">
   <subfield code="a">9780918986719</subfield>
  </datafield>
  <datafield tag="035" ind1=" " ind2=" ">
   <subfield code="a">8354920</subfield>
  </datafield>
  <datafield tag="035" ind1=" " ind2=" ">
   <subfield code="a">(OCoLC)709594862</subfield>
  </datafield>
  <datafield tag="035" ind1=" " ind2=" ">
   <subfield code="a">835920</subfield>
  </datafield>
  <datafield tag="040" ind1=" " ind2=" ">
   <subfield code="a">CGU</subfield>
   <subfield code="c">CGU</subfield>
   <subfield code="d">UtOrBLW</subfield>
  </datafield>
  <datafield tag="043" ind1=" " ind2=" ">
   <subfield code="a">fl-----</subfield>
  </datafield>
  <datafield tag="049" ind1=" " ind2=" ">
   <subfield code="a">CGUA</subfield>
  </datafield>
  <datafield tag="050" ind1=" " ind2="4">
   <subfield code="a">DT159.6.N83</subfield>
   <subfield code="b">U54 1967 v. 8</subfield>
  </datafield>
  <datafield tag="100" ind1="1" ind2=" ">
   <subfield code="a">Williams, Bruce,</subfield>
   <subfield code="d">1943-</subfield>
  </datafield>
  <datafield tag="245" ind1="1" ind2="0">
   <subfield code="a">Meroitic remains from Qustul cemetery Q, Ballana cemetery B, and a Ballana settlement</subfield>
   <subfield code="h">[electronic resource] /</subfield>
   <subfield code="c">by Bruce Beyer Williams ; with a contribution by Nicholas B. Millet.</subfield>
  </datafield>
  <datafield tag="260" ind1=" " ind2=" ">
   <subfield code="a">Chicago :</subfield>
   <subfield code="b">Oriental Institute of the University of Chicago,</subfield>
   <subfield code="c">1991.</subfield>
  </datafield>
  <datafield tag="300" ind1=" " ind2=" ">
   <subfield code="a">1 online resource (2 v. :</subfield>
   <subfield code="b">ill., maps)</subfield>
  </datafield>
  <datafield tag="490" ind1="1" ind2=" ">
   <subfield code="a">University of Chicago Oriental Institute Nubian Expedition ;</subfield>
   <subfield code="v">v. 8</subfield>
  </datafield>
  <datafield tag="490" ind1="1" ind2=" ">
   <subfield code="a">Excavations between Abu Simbel and the Sudan frontier ;</subfield>
   <subfield code="v">pt. 8</subfield>
  </datafield>
  <datafield tag="500" ind1=" " ind2=" ">
   <subfield code="a">At head of title: Campagne internationale pour la sauvegarde des monuments de la Nubie.</subfield>
  </datafield>
  <datafield tag="500" ind1=" " ind2=" ">
   <subfield code="a">&quot;Keith C. Seele, director.&quot;</subfield>
  </datafield>
  <datafield tag="504" ind1=" " ind2=" ">
   <subfield code="a">Includes bibliographical references.</subfield>
  </datafield>
  <datafield tag="505" ind1="0" ind2=" ">
   <subfield code="a">pt. 1. Text and figures -- pt. 2. Registers and plates.</subfield>
  </datafield>
  <datafield tag="651" ind1=" " ind2="0">
   <subfield code="a">Nubia</subfield>
   <subfield code="x">Antiquities.</subfield>
  </datafield>
  <datafield tag="650" ind1=" " ind2="7">
   <subfield code="a">Antiquities.</subfield>
   <subfield code="2">fast</subfield>
   <subfield code="0">http://id.worldcat.org/fast/fst00810745</subfield>
  </datafield>
  <datafield tag="650" ind1=" " ind2="7">
   <subfield code="a">Excavations (Archaeology)</subfield>
   <subfield code="2">fast</subfield>
   <subfield code="0">http://id.worldcat.org/fast/fst00917564</subfield>
  </datafield>
  <datafield tag="651" ind1=" " ind2="7">
   <subfield code="a">Africa</subfield>
   <subfield code="z">Nubia.</subfield>
   <subfield code="2">fast</subfield>
   <subfield code="0">http://id.worldcat.org/fast/fst01215273</subfield>
  </datafield>
  <datafield tag="650" ind1=" " ind2="0">
   <subfield code="a">Excavations (Archaeology)</subfield>
   <subfield code="z">Nubia.</subfield>
  </datafield>
  <datafield tag="700" ind1="1" ind2=" ">
   <subfield code="a">Millet, N. B.</subfield>
   <subfield code="q">(Nicholas Byram),</subfield>
   <subfield code="d">1934-</subfield>
  </datafield>
  <datafield tag="700" ind1="1" ind2=" ">
   <subfield code="a">Seele, Keith C.</subfield>
   <subfield code="q">(Keith Cedric),</subfield>
   <subfield code="d">1898-1971.</subfield>
  </datafield>
  <datafield tag="710" ind1="2" ind2=" ">
   <subfield code="a">International Campaign to Save the Monuments of Nubia.</subfield>
  </datafield>
  <datafield tag="776" ind1="0" ind2="8">
   <subfield code="i">Print version:</subfield>
   <subfield code="a">Williams, Bruce, 1943-</subfield>
   <subfield code="t">Meroitic remains from Qustul cemetery Q, Ballana cemetery B, and a Ballana settlement.</subfield>
   <subfield code="d">Chicago : Oriental Institute of the University of Chicago, 1991</subfield>
   <subfield code="z">0918986710</subfield>
   <subfield code="w">(OCoLC)24126274</subfield>
   <subfield code="w">(ICU)1172042</subfield>
  </datafield>
  <datafield tag="856" ind1="4" ind2="0">
   <subfield code="u">http://bibpurl.oclc.org/web/42208</subfield>
  </datafield>
  <datafield tag="810" ind1="2" ind2=" ">
   <subfield code="a">University of Chicago.</subfield>
   <subfield code="b">Oriental Institute.</subfield>
   <subfield code="b">Nubian Expedition.</subfield>
   <subfield code="t">University of Chicago Oriental Institute Nubian Expedition ;</subfield>
   <subfield code="v">v. 8.</subfield>
  </datafield>
  <datafield tag="800" ind1="1" ind2=" ">
   <subfield code="a">Williams, Bruce,</subfield>
   <subfield code="d">1943-</subfield>
   <subfield code="t">Excavations between Abu Simbel and the Sudan frontier ;</subfield>
   <subfield code="v">pt. 8.</subfield>
  </datafield>
  <datafield tag="903" ind1=" " ind2=" ">
   <subfield code="a">MARS</subfield>
  </datafield>
  <datafield tag="928" ind1=" " ind2=" ">
   <subfield code="u">http://bibpurl.oclc.org/web/42208</subfield>
   <subfield code="c">FullText</subfield>
   <subfield code="l">Online</subfield>
   <subfield code="t">LCC</subfield>
   <subfield code="a">DT135.N8W54 1991</subfield>
  </datafield>
 </record>
</collection>
